# \bibliography{hoge}
# \bibliographystyle{jplain} % 	参考文献をアルファベット順で出力する
# \bibliographystyle{junsrt} % 参考文献を引用された順で出力する

# mktexlsr
# bibtex report

@misc{misc_iris_53,
  author       = {Fisher,R. A.},
  howpublished = {UCI Machine Learning Repository},
  note         = {{DOI}: https://doi.org/10.24432/C56C76},
  title        = {{Iris}},
  year         = {1988}
}

@misc{主成分分析Wik4:online,
  author       = {},
  howpublished = {\url{https://ja.wikipedia.org/wiki/%E4%B8%BB%E6%88%90%E5%88%86%E5%88%86%E6%9E%90}},
  month        = {},
  note         = {(Accessed on 07/25/2024)},
  title        = {主成分分析 - Wikipedia},
  year         = {}
}